@misc{Curso,
  title={Redes Neurais - CInWiki},
  author={CInWiki},
  url={https://cin.ufpe.br/~pet/wiki/Redes_Neurais},
  note = {Online; acessado em 01/08/2021} 
}

@misc{Figura1,
    author = {Arden Dertat},
    title = {Applied Deep Learning - Part 1: Artificial Neural Networks},
    url={https://towardsdatascience.com/applied-deep-learning-part-1-artificial-neural-networks-d7834f67a4f6},
    note = {Online; acessado em 01/08/2021, adaptado} 
    }

@misc{Importancia,
  title={Redes Neurais - O que são e qual sua importância?},
  author={SAS - Analytics Software & Solutions},
  url={https://www.sas.com/pt_br/insights/analytics/neural-networks.html},
  note = {Online; acessado em 01/08/2021} 
}

@misc{Figura2,
  title={Redes Neurais Artificiais: Um Cérebro de Bits},
  author={IEEE RAS UFCG},
  url={https://edu.ieee.org/br-ufcgras/redes-neurais-artificiais-um-cerebro-de-bits},
  note = {Online; acessado em 01/08/2021, adaptado}
}

@misc{Professor,
  title={GERMANO VASCONCELOS},
  author={Germano Vasconcelos},
  url={https://www.cin.ufpe.br/~gcv/},
  note = {Online; acessado em 01/08/2021} 
}